<record><leader>00000cas a22000007a 4500</leader><controlfield tag="001">9832639</controlfield><controlfield tag="008">830822d19751980ksuwr ne      0    0eng d</controlfield><controlfield tag="009">3789</controlfield><datafield ind1=" " ind2=" " tag="010"><subfield code="a">sn 83040498 </subfield></datafield><datafield ind1=" " ind2=" " tag="040"><subfield code="a">KSH</subfield><subfield code="b">eng</subfield><subfield code="c">KSH</subfield><subfield code="d">NPT</subfield></datafield><datafield ind1="1" ind2=" " tag="029"><subfield code="a">AU@</subfield><subfield code="b">000025798236</subfield></datafield><datafield ind1=" " ind2=" " tag="042"><subfield code="a">msc</subfield></datafield><datafield ind1=" " ind2=" " tag="043"><subfield code="a">n-us-ks</subfield></datafield><datafield ind1="0" ind2="0" tag="245"><subfield code="a">Benton banner.</subfield></datafield><datafield ind1=" " ind2=" " tag="260"><subfield code="a">Benton, Kan. :</subfield><subfield code="b">[s.n.],</subfield><subfield code="c">1975-1980.</subfield></datafield><datafield ind1=" " ind2=" " tag="300"><subfield code="a">6 v. :</subfield><subfield code="b">ill.</subfield></datafield><datafield ind1=" " ind2=" " tag="310"><subfield code="a">Weekly</subfield></datafield><datafield ind1="0" ind2=" " tag="362"><subfield code="a">Vol. 1, no. 1 (July 16, 1975)-v. 6, no. 8 (Aug. 27, 1980).</subfield></datafield><datafield ind1=" " ind2=" " tag="500"><subfield code="a">Published on Wednesday.</subfield></datafield><datafield ind1=" " ind2=" " tag="530"><subfield code="a">Available on microfilm from the Forman Co., Monmouth, Ill.</subfield></datafield><datafield ind1=" " ind2=" " tag="500"><subfield code="a">Editor: Bill Beal.</subfield></datafield><datafield ind1="1" ind2=" " tag="700"><subfield code="a">Beal, Bill.</subfield></datafield><datafield ind1=" " ind2=" " tag="752"><subfield code="a">United States</subfield><subfield code="b">Kansas</subfield><subfield code="c">Butler</subfield><subfield code="d">Benton.</subfield></datafield><datafield ind1="0" ind2="4" tag="785"><subfield code="t">Butler County news and Butler free-lance</subfield><subfield code="w">(DLC)sn 83040514</subfield></datafield></record>